<?xml version="1.0" encoding="UTF-8"?><collection xmlns="http://www.loc.gov/MARC21/slim"><record><leader>00455nam--2200181-i-4500</leader><controlfield tag="001">000031998</controlfield><controlfield tag="002">20161230</controlfield><controlfield tag="005">20161230201038</controlfield><controlfield tag="008">060222s1000------------r-----000-0-rus-d</controlfield><datafield ind1=" " ind2=" " tag="040"><subfield code="a">IFIN-HH</subfield></datafield><datafield ind1=" " ind2=" " tag="041"><subfield code="a">rus</subfield></datafield><datafield ind1=" " ind2=" " tag="080"><subfield code="a">519.95</subfield></datafield><datafield ind1="1" ind2=" " tag="100"><subfield code="a">Papernov, A.A</subfield></datafield><datafield ind1="1" ind2="0" tag="245"><subfield code="a">Logiceskie osnovi tifrovih masin i programmirovania</subfield><subfield code="c">A.a. papernov</subfield></datafield><datafield ind1=" " ind2=" " tag="260"><subfield code="a">Moskva</subfield><subfield code="b">Nauka</subfield><subfield code="c">1965</subfield></datafield><datafield ind1=" " ind2=" " tag="300"><subfield code="a">569P</subfield></datafield><datafield ind1=" " ind2=" " tag="852"><subfield code="a">21925</subfield><subfield code="c">519.283</subfield></datafield><datafield ind1=" " ind2=" " tag="CAT"><subfield code="a">Sys</subfield><subfield code="c">20130807</subfield><subfield code="h">112813</subfield></datafield></record></collection>